<record><leader>00000cas a22000007a 4500</leader><controlfield tag="001">10134360</controlfield><controlfield tag="008">831116d18341839msuwn ne      0    0eng  </controlfield><datafield ind1=" " ind2=" " tag="010"><subfield code="a">sn 83016805 </subfield></datafield><datafield ind1=" " ind2=" " tag="040"><subfield code="a">DLC</subfield><subfield code="b">eng</subfield><subfield code="c">DLC</subfield><subfield code="d">LNP</subfield><subfield code="d">CNW</subfield><subfield code="d">FUG</subfield><subfield code="d">OCL</subfield><subfield code="d">OCLCO</subfield><subfield code="d">OCLCQ</subfield><subfield code="d">OCLCF</subfield></datafield><datafield ind1="1" ind2=" " tag="029"><subfield code="a">AU@</subfield><subfield code="b">000025784156</subfield></datafield><datafield ind1=" " ind2=" " tag="042"><subfield code="a">msc</subfield></datafield><datafield ind1=" " ind2=" " tag="043"><subfield code="a">n-us-ms</subfield></datafield><datafield ind1="0" ind2="0" tag="050"><subfield code="a">Newspaper 8532</subfield></datafield><datafield ind1="0" ind2="0" tag="245"><subfield code="a">Grand Gulf advertiser.</subfield></datafield><datafield ind1="1" ind2=" " tag="246"><subfield code="i">Sometimes published as:</subfield><subfield code="a">Semi-weekly Grand Gulf advertiser</subfield></datafield><datafield ind1="3" ind2="0" tag="246"><subfield code="a">Semiweekly Grand Gulf advertiser</subfield></datafield><datafield ind1=" " ind2=" " tag="260"><subfield code="a">Grand Gulf, Miss. :</subfield><subfield code="b">W.M. Smyth</subfield></datafield><datafield ind1=" " ind2=" " tag="300"><subfield code="a">v. :</subfield><subfield code="b">ill. (chiefly advertisements) ;</subfield><subfield code="c">66 cm.</subfield></datafield><datafield ind1=" " ind2=" " tag="310"><subfield code="a">Weekly</subfield></datafield><datafield ind1="1" ind2=" " tag="362"><subfield code="a">Began with Feb. 17, 1834 issue; ceased in 1839.</subfield></datafield><datafield ind1=" " ind2=" " tag="500"><subfield code="a">Published semiweekly six months of the year, &lt;1837-Oct. 25&gt; 1839.</subfield></datafield><datafield ind1=" " ind2=" " tag="588"><subfield code="a">Description based on: Vol. 1, no. 2 (Feb. 24, 1834).</subfield></datafield><datafield ind1=" " ind2="0" tag="651"><subfield code="a">Grand Gulf (Miss.)</subfield><subfield code="v">Newspapers.</subfield></datafield><datafield ind1=" " ind2="0" tag="651"><subfield code="a">Claiborne County (Miss.)</subfield><subfield code="v">Newspapers.</subfield></datafield><datafield ind1=" " ind2="7" tag="655"><subfield code="a">Newspapers.</subfield><subfield code="2">fast</subfield><subfield code="0">(OCoLC)fst01423814</subfield></datafield><datafield ind1=" " ind2="7" tag="651"><subfield code="a">Mississippi</subfield><subfield code="z">Claiborne County.</subfield><subfield code="2">fast</subfield><subfield code="0">(OCoLC)fst01218463</subfield></datafield><datafield ind1=" " ind2="7" tag="651"><subfield code="a">Mississippi</subfield><subfield code="z">Grand Gulf.</subfield><subfield code="2">fast</subfield><subfield code="0">(OCoLC)fst01250460</subfield></datafield><datafield ind1=" " ind2=" " tag="752"><subfield code="a">United States</subfield><subfield code="b">Mississippi</subfield><subfield code="c">Claiborne</subfield><subfield code="d">Grand Gulf.</subfield></datafield><datafield ind1="0" ind2="0" tag="785"><subfield code="t">Weekly Grand Gulf advertiser</subfield><subfield code="w">(DLC)sn 83016873</subfield></datafield></record>